@Book{teorver1,
author={ А. С. Солодовников and В. А. Бабайцев and А. В. Браилов},
title = {Математика в экономике. Часть 3. Теория вероятностей и математическая статистика},
publisher =  {Издательство "Финансы и статистика"},
address = {Москва},
year = {2008},
numpages = {464}
}

@Book{teorver2,
author={А. Н. Бородин},
title = {Элементарный курс теории вероятностей и математической статистики: Учебное пособие для вузов},
publisher = {Издательство "Лань"},
address = {Санкт-Петербург},
year = {2024},
numpages = {256}
}

@Book{ml1,
author={А. Киселев},
title = {Машинное обучение без лишних слов},
publisher = {Издательство «Питер»},
address = {Санкт-Петербург},
year = {2020},
numpages = {188}
}

@article{cv1,
author = {Б. С. Горячкин and М. А. Китов},
journal = {Congressus numerantium},
year = {202},
pages = {1--7},
title = {КОМПЬЮТЕРНОЕ ЗРЕНИЕ},
note = {(дата обращения: 11.11.2023)}
}

@misc{yandex,
title = {Учебник по машинному обучению, 6.1. Свёрточные нейросети},
url = {https://education.yandex.ru/handbook/ml/article/svyortochnye-nejroseti},
note = {(дата обращения: 21.10.2024)}
}

@misc{itmo,
title = {Сверточные нейронные сети},
url = {https://neerc.ifmo.ru/wiki/index.php?title=Сверточные_нейронные_сети},
note = {(дата обращения: 13.11.2024)}
}

@misc{python,
title = {Документация Python},
url = {https://www.python.org/doc/},
note = {(дата обращения: 15.12.2024)}
}

@misc{numpy,
title = {Документация библиотеки NumPy},
url = {https://numpy.org/doc/},
language = {english},
note = {(дата обращения: 15.12.2024)}
}

@misc{pytorch,
title = {Документация библиотеки PyTorch},
url = {https://pytorch.org/docs/stable/index.html},
language = {english},
note = {(дата обращения: 18.12.2024)}
}

@misc{torchvision,
title = {Документация библиотеки torchvision},
url = {https://pytorch.org/vision/stable/index.html},
language = {english},
note = {(дата обращения: 18.12.2024)}
}

@misc{matplot,
title = {Документация библиотеки Matplotlib},
url = {https://matplotlib.org/stable/index.html},
language = {english},
note = {(дата обращения: 15.12.2024)}
}

@misc{ipython,
title = {Документация библиотеки IPython},
url = {https://ipython.org/documentation.html},
language = {english},
note = {(дата обращения: 24.10.2024)}
}

@misc{tqdm,
title = {Документация библиотеки tqdm},
url = {https://tqdm.github.io/},
language = {english},
note = {(дата обращения: 24.10.2024)}
}

@misc{scipy,
title = {Документация библиотеки SciPy},
url = {https://docs.scipy.org/doc/scipy/},
language = {english},
note = {(дата обращения: 05.12.2024)}
}

@misc{shutil,
title = {Документация библиотеки shutil},
url = {https://docs.python.org/3/library/shutil.html},
language = {english},
note = {(дата обращения: 24.10.2024)}
}

@misc{google,
title = {Документация библиотеки google},
url = {https://github.com/googlecolab/colabtools},
language = {english},
note = {(дата обращения: 05.12.2024)}
}

@misc{colab,
title = {Документация среды разработки Google Colab},
url = {https://cloud.google.com/colab/docs/introduction},
language = {english},
note = {(дата обращения: 19.10.2024)}
}

@misc{vgg11,
title = {Статья про архитектуру VGG-11},
url = {https://iq.opengenus.org/vgg-11/},
language = {english},
note = {(дата обращения: 20.10.2024)}
}

@misc{vgg16,
title = {Статья про архитектуру VGG-16},
url = {https://iq.opengenus.org/vgg16/},
language = {english},
note = {(дата обращения: 20.10.2024)}
}

@misc{random,
title = {Документация библиотеки random},
url = {https://docs.python.org/3/library/random.html},
language = {english},
note = {(дата обращения: 24.10.2024)}
}
https://wandb.ai/wandb_fc/tips/reports/Plotting-with-Pandas-and-Weights-Biases-Step-by-Step-Guide--Vmlldzo0Njk4MzMw

@misc{wb,
title = {Документация сервиса логирования Weights & Biases},
url = {https://docs.wandb.ai/},
language = {english},
note = {(дата обращения: 15.12.2024)}
}